
@article{fevotte2011,
	title = {Algorithms for nonnegative matrix factorization with the β-divergence},
	volume = {23},
	url = {http://www.mitpressjournals.org/doi/abs/10.1162/NECO_a_00168},
	number = {9},
	urldate = {2016-05-25TZ},
	journal = {Neural Computation},
	author = {Févotte, Cédric and Idier, Jérôme},
	year = {2011},
	pages = {2421--2456}
}

@article{simScene,
	title = {{SimScene} : a web-based acoustic scenes simulator},
	shorttitle = {{SimScene}},
	url = {https://www.researchgate.net/publication/278828774_SimScene_a_web-based_acoustic_scenes_simulator},
	OPTabstract = {We introduce in this paper a soundscape simulator called SimScene, designed to be used as an experimental tool to characterize the mental representation of sound environments. The soundscape...},
	urldate = {2016-05-25TZ},
	journal = {ResearchGate},
	author = {Rossignol, Mathias and Lafay, Gregoire and Lagrange, Mathieu and Misdariis, Nicolas},
	month = oct,
	year = {2014}
}

@misc{directive,
	title = {Directive - {Noise} - {Environment} - {European} {Commission}},
	url = {http://ec.europa.eu/environment/noise/directive_en.htm},
	
}

@article{lee1999,
	title = {Learning the parts of objects by non-negative matrix factorization},
	volume = {401},
	copyright = {© 1999 Nature Publishing Group},
	issn = {0028-0836},
	url = {http://www.nature.com/nature/journal/v401/n6755/abs/401788a0.html},
	doi = {10.1038/44565},
	abstract = {Article de base et de référence posant la méthode NMF comme méthode permettant la reconstruction d'une image, d'un son ou même d'un discours. L'expression mathématique, le principe et les calculs de mises à jours sont exposé notamment pour la différence euclidienne},
	language = {en},
	number = {6755},
	urldate = {2015-10-21TZ},
	journal = {Nature},
	author = {Lee, Daniel D. and Seung, H. Sebastian},
	month = oct,
	year = {1999},
	keywords = {Algorithms, Euclidean distance, Nonnegative matrix factorization},
	pages = {788--791}
}

@inproceedings{lee2001,
	title = {Algorithms for {Non}-negative {Matrix} {Factorization}},
	abstract = {Article traitant du calcul de convergence  notamment de la distance euclidienne et de la divergence de KL. Il présente l'expression de mise à jour de W et de H suivant la méthode employé ainsi que la démonstration de la convergence des algorithmes.},
	booktitle = {In {NIPS}},
	publisher = {MIT Press},
	author = {Lee, Daniel D. and Seung, H. Sebastian},
	year = {2000},
	pages = {556--562}
}

@inproceedings{smaragdis2003,
	title = {Non-negative matrix factorization for polyphonic music transcription},
	doi = {10.1109/ASPAA.2003.1285860},
	abstract = {We present a methodology for analyzing polyphonic musical passages comprised of notes that exhibit a harmonically fixed spectral profile (such as piano notes). Taking advantage of this unique note structure, we can model the audio content of the musical passage by a linear basis transform and use non-negative matrix decomposition methods to estimate the spectral profile and the temporal information of every note. This approach results in a very simple and compact system that is not knowledge-based, but rather learns notes by observation.},
	booktitle = {Applications of {Signal} {Processing} to {Audio} and {Acoustics}, 2003 {IEEE} {Workshop} on.},
	author = {Smaragdis, P. and Brown, J.C.},
	month = oct,
	year = {2003},
	keywords = {Independent component analysis, Music, Nonnegative matrix factorization, Spectral analysis, audio signal processing},
	pages = {177--180}
}


@article{amari2010,
	title = {Families of {Alpha}- {Beta}- and {Gamma}- {Divergences}: {Flexible} and {Robust} {Measures} of {Similarities}},
	volume = {12},
	copyright = {http://creativecommons.org/licenses/by/3.0/},
	shorttitle = {Families of {Alpha}- {Beta}- and {Gamma}- {Divergences}},
	url = {http://www.mdpi.com/1099-4300/12/6/1532},
	doi = {10.3390/e12061532},
	abstract = {In this paper, we extend and overview wide families of Alpha-, Beta- and Gamma-divergences and discuss their fundamental properties. In literature usually only one single asymmetric (Alpha, Beta or Gamma) divergence is considered. We show in this paper that there exist families of such divergences with the same consistent properties. Moreover, we establish links and correspondences among these divergences by applying suitable nonlinear transformations. For example, we can generate the Beta-divergences directly from Alpha-divergences and vice versa. Furthermore, we show that a new wide class of Gamma-divergences can be generated not only from the family of Beta-divergences but also from a family of Alpha-divergences. The paper bridges these divergences and shows also their links to Tsallis and Rényi entropies. Most of these divergences have a natural information theoretic interpretation.},
	language = {en},
	number = {6},
	urldate = {2015-11-05TZ},
	journal = {Entropy},
	author = {Cichocki, Andrzej and Amari, Shun-ichi},
	month = jun,
	year = {2010},
	keywords = {Bregman's divergences, Csiszár–Morimoto's divergences, generalized divergences},
	pages = {1532--1568}
}

@article{amari2011,
	title = {Generalized {Alpha}-{Beta} {Divergences} and {Their} {Application} to {Robust} {Nonnegative} {Matrix} {Factorization}},
	volume = {13},
	copyright = {http://creativecommons.org/licenses/by/3.0/},
	url = {http://www.mdpi.com/1099-4300/13/1/134},
	doi = {10.3390/e13010134},
	abstract = {Long article sur le calcul de divergence alpha/beta/gamma pour la NMF. Démonstration des formules et de l'influence de alpha et beta sur la robustesse et l'efficacité de la divergence. Beta influe le compromis entre la robustesse du calcul (différence euclidienne) et l'efficacité (IS-div) alors que alpha influe sur la précision du rapport de vraisemblance.},
	language = {en},
	number = {1},
	urldate = {2015-10-20TZ},
	journal = {Entropy},
	author = {Cichocki, Andrzej and Cruces, Sergio and Amari, Shun-ichi},
	month = jan,
	year = {2011},
	keywords = {Kullback-Leibler's divergence, Nonnegative matrix factorization, generalized divergences},
	pages = {134--170}
}